%YAML 1.1
%TAG !u! tag:unity3d.com,2011:
--- !u!241 &24100000
AudioMixerController:
  m_ObjectHideFlags: 0
  m_PrefabParentObject: {fileID: 0}
  m_PrefabInternal: {fileID: 0}
  m_Name: Ollin Mikseri
  m_OutputGroup: {fileID: 0}
  m_MasterGroup: {fileID: 24300001}
  m_Snapshots:
  - {fileID: 24500003}
  m_StartSnapshot: {fileID: 24500003}
  m_SuspendThreshold: -80
  m_EnableSuspend: 1
  m_ExposedParameters: []
  m_AudioMixerGroupViews:
  - guids:
    - c78b8b0da98d2f741bdfd09b0ca6281d
    - 363bb00d3c39d504897175e73880b7a7
    - 4d58e05169c85bc4fb23b8b2d62e152f
    - 5b39b7ac031c28248871a019eae5e4bf
    - 94a2434ef53515a4b80c6ceb5d8840ea
    - cd8c39d73bc85c848b46e63ceaeee9ca
    - 2769df1023826a34eae15368e2e45d4a
    - 997736f0573a90c46880455a73922c74
    - b1e3b75ec2fde9c4ea9f06d26721beaf
    - e2b4c424d2736134f93e48d1277f7891
    - 21d479f401b33a8458d53bb528917c75
    - e05bbf47fb48c8346842b4a403629f99
    - fe33a49907c77ad41826675df1b8ce2d
    - d5d50f61c34b4c048b5ff084a9f4d88d
    name: View
  m_CurrentViewIndex: 0
  m_TargetSnapshot: {fileID: 24500003}
--- !u!243 &24300001
AudioMixerGroupController:
  m_ObjectHideFlags: 0
  m_PrefabParentObject: {fileID: 0}
  m_PrefabInternal: {fileID: 0}
  m_Name: Master
  m_AudioMixer: {fileID: 24100000}
  m_GroupID: c78b8b0da98d2f741bdfd09b0ca6281d
  m_Children:
  - {fileID: 24378254}
  - {fileID: 24366616}
  m_Volume: d89a1840c4f1a3a49862446c5a84dab9
  m_Pitch: f24fbb5db3801c146bc95328dc995de1
  m_Effects:
  - {fileID: 24481548}
  - {fileID: 24400002}
  m_UserColorIndex: 1
  m_Mute: 0
  m_Solo: 0
  m_BypassEffects: 0
--- !u!243 &24305282
AudioMixerGroupController:
  m_ObjectHideFlags: 0
  m_PrefabParentObject: {fileID: 0}
  m_PrefabInternal: {fileID: 0}
  m_Name: Hiput
  m_AudioMixer: {fileID: 24100000}
  m_GroupID: 4d58e05169c85bc4fb23b8b2d62e152f
  m_Children: []
  m_Volume: 7ba97b4b1af07784ba74ec1c98a2669d
  m_Pitch: 7c25e68246dd67c4ebecb9a146ac2949
  m_Effects:
  - {fileID: 24407960}
  m_UserColorIndex: 6
  m_Mute: 0
  m_Solo: 0
  m_BypassEffects: 0
--- !u!243 &24310402
AudioMixerGroupController:
  m_ObjectHideFlags: 0
  m_PrefabParentObject: {fileID: 0}
  m_PrefabInternal: {fileID: 0}
  m_Name: Blancher dash
  m_AudioMixer: {fileID: 24100000}
  m_GroupID: 21d479f401b33a8458d53bb528917c75
  m_Children: []
  m_Volume: e09fd2fb2fdfd3b408da3c1690d9fca4
  m_Pitch: 1fab803a3c195994e9d649d8da03f92f
  m_Effects:
  - {fileID: 24439408}
  m_UserColorIndex: 0
  m_Mute: 0
  m_Solo: 0
  m_BypassEffects: 0
--- !u!243 &24310922
AudioMixerGroupController:
  m_ObjectHideFlags: 0
  m_PrefabParentObject: {fileID: 0}
  m_PrefabInternal: {fileID: 0}
  m_Name: Ambient
  m_AudioMixer: {fileID: 24100000}
  m_GroupID: b1e3b75ec2fde9c4ea9f06d26721beaf
  m_Children: []
  m_Volume: 4b68fddecefb8b2449edcccb3b153f9e
  m_Pitch: 0a3157979a1766342afb165bc702e206
  m_Effects:
  - {fileID: 24479050}
  - {fileID: 24472248}
  m_UserColorIndex: 8
  m_Mute: 0
  m_Solo: 0
  m_BypassEffects: 0
--- !u!243 &24316266
AudioMixerGroupController:
  m_ObjectHideFlags: 0
  m_PrefabParentObject: {fileID: 0}
  m_PrefabInternal: {fileID: 0}
  m_Name: Blancher Win
  m_AudioMixer: {fileID: 24100000}
  m_GroupID: d5d50f61c34b4c048b5ff084a9f4d88d
  m_Children: []
  m_Volume: 0bb276f9f09fc78488461dea913feec1
  m_Pitch: a61284a1f03aa594f8900dba598af2b8
  m_Effects:
  - {fileID: 24415802}
  m_UserColorIndex: 0
  m_Mute: 0
  m_Solo: 0
  m_BypassEffects: 0
--- !u!243 &24331850
AudioMixerGroupController:
  m_ObjectHideFlags: 0
  m_PrefabParentObject: {fileID: 0}
  m_PrefabInternal: {fileID: 0}
  m_Name: Blancher pain
  m_AudioMixer: {fileID: 24100000}
  m_GroupID: e2b4c424d2736134f93e48d1277f7891
  m_Children: []
  m_Volume: 9c527054425a0274399ab7b80efb5fc4
  m_Pitch: db55cdf814d80a34996e38ab4a09b230
  m_Effects:
  - {fileID: 24423086}
  m_UserColorIndex: 0
  m_Mute: 0
  m_Solo: 0
  m_BypassEffects: 0
--- !u!243 &24331944
AudioMixerGroupController:
  m_ObjectHideFlags: 0
  m_PrefabParentObject: {fileID: 0}
  m_PrefabInternal: {fileID: 0}
  m_Name: Rune
  m_AudioMixer: {fileID: 24100000}
  m_GroupID: 94a2434ef53515a4b80c6ceb5d8840ea
  m_Children: []
  m_Volume: f9f968ec00e8a5741a2b9610f00b2922
  m_Pitch: 478c68daf1a54314abcef9aa45fcb6f4
  m_Effects:
  - {fileID: 24410882}
  m_UserColorIndex: 6
  m_Mute: 0
  m_Solo: 0
  m_BypassEffects: 0
--- !u!243 &24343942
AudioMixerGroupController:
  m_ObjectHideFlags: 0
  m_PrefabParentObject: {fileID: 0}
  m_PrefabInternal: {fileID: 0}
  m_Name: Hippu noise
  m_AudioMixer: {fileID: 24100000}
  m_GroupID: e05bbf47fb48c8346842b4a403629f99
  m_Children: []
  m_Volume: cd646b2da30f5c74cbc7ba2ab04cb9fa
  m_Pitch: a79c71dc9a988504db1d9bd45bfd0058
  m_Effects:
  - {fileID: 24444084}
  m_UserColorIndex: 0
  m_Mute: 0
  m_Solo: 0
  m_BypassEffects: 0
--- !u!243 &24366616
AudioMixerGroupController:
  m_ObjectHideFlags: 0
  m_PrefabParentObject: {fileID: 0}
  m_PrefabInternal: {fileID: 0}
  m_Name: SFX
  m_AudioMixer: {fileID: 24100000}
  m_GroupID: 2769df1023826a34eae15368e2e45d4a
  m_Children:
  - {fileID: 24380388}
  - {fileID: 24331944}
  - {fileID: 24397918}
  - {fileID: 24305282}
  - {fileID: 24331850}
  - {fileID: 24310402}
  - {fileID: 24343942}
  m_Volume: 1a129078d7efa6641838df4dc9b03148
  m_Pitch: aa055b31a81e3e94588f37e0eadf7d74
  m_Effects:
  - {fileID: 24469554}
  - {fileID: 24441468}
  m_UserColorIndex: 3
  m_Mute: 0
  m_Solo: 0
  m_BypassEffects: 0
--- !u!243 &24369866
AudioMixerGroupController:
  m_ObjectHideFlags: 0
  m_PrefabParentObject: {fileID: 0}
  m_PrefabInternal: {fileID: 0}
  m_Name: Music
  m_AudioMixer: {fileID: 24100000}
  m_GroupID: 997736f0573a90c46880455a73922c74
  m_Children: []
  m_Volume: 74f2f5439ab8f8c4cac80f0ef3522a3b
  m_Pitch: 0a6df393408ad034ebb60007579a7299
  m_Effects:
  - {fileID: 24490924}
  m_UserColorIndex: 8
  m_Mute: 0
  m_Solo: 0
  m_BypassEffects: 0
--- !u!243 &24378220
AudioMixerGroupController:
  m_ObjectHideFlags: 0
  m_PrefabParentObject: {fileID: 0}
  m_PrefabInternal: {fileID: 0}
  m_Name: Mushroom Win
  m_AudioMixer: {fileID: 24100000}
  m_GroupID: fe33a49907c77ad41826675df1b8ce2d
  m_Children: []
  m_Volume: 2e7d778a1b8d08340a713ec49e574449
  m_Pitch: 77cfdf9ff3fb8324a957277ed3839873
  m_Effects:
  - {fileID: 24411642}
  m_UserColorIndex: 0
  m_Mute: 0
  m_Solo: 0
  m_BypassEffects: 0
--- !u!243 &24378254
AudioMixerGroupController:
  m_ObjectHideFlags: 0
  m_PrefabParentObject: {fileID: 0}
  m_PrefabInternal: {fileID: 0}
  m_Name: Music+Ambient
  m_AudioMixer: {fileID: 24100000}
  m_GroupID: 363bb00d3c39d504897175e73880b7a7
  m_Children:
  - {fileID: 24369866}
  - {fileID: 24310922}
  - {fileID: 24378220}
  - {fileID: 24316266}
  m_Volume: 8b0f0413cbdce754a8f8ceddafc4f2f3
  m_Pitch: 6884ad61dc27a1142af44603b13f71c1
  m_Effects:
  - {fileID: 24426588}
  m_UserColorIndex: 3
  m_Mute: 0
  m_Solo: 0
  m_BypassEffects: 0
--- !u!243 &24380388
AudioMixerGroupController:
  m_ObjectHideFlags: 0
  m_PrefabParentObject: {fileID: 0}
  m_PrefabInternal: {fileID: 0}
  m_Name: Beam
  m_AudioMixer: {fileID: 24100000}
  m_GroupID: 5b39b7ac031c28248871a019eae5e4bf
  m_Children: []
  m_Volume: ba3d4e9c1c8456c4294b44ac8b6ffb6f
  m_Pitch: 55c4421a35ead334ebacbac3e30e6479
  m_Effects:
  - {fileID: 24442984}
  m_UserColorIndex: 6
  m_Mute: 0
  m_Solo: 0
  m_BypassEffects: 0
--- !u!243 &24397918
AudioMixerGroupController:
  m_ObjectHideFlags: 0
  m_PrefabParentObject: {fileID: 0}
  m_PrefabInternal: {fileID: 0}
  m_Name: Shroom death
  m_AudioMixer: {fileID: 24100000}
  m_GroupID: cd8c39d73bc85c848b46e63ceaeee9ca
  m_Children: []
  m_Volume: 67c199410e53b134e96045333c544e83
  m_Pitch: 7a7a3e7bc7bf73b4aa471d240cc40d2e
  m_Effects:
  - {fileID: 24422196}
  m_UserColorIndex: 6
  m_Mute: 0
  m_Solo: 0
  m_BypassEffects: 0
--- !u!244 &24400002
AudioMixerEffectController:
  m_ObjectHideFlags: 3
  m_PrefabParentObject: {fileID: 0}
  m_PrefabInternal: {fileID: 0}
  m_Name: 
  m_EffectID: 6ce6f2d886351f942a01290150e2b3f2
  m_EffectName: Attenuation
  m_MixLevel: 43354f01a11d2364fa632f589fabb1e5
  m_Parameters: []
  m_SendTarget: {fileID: 0}
  m_EnableWetMix: 0
  m_Bypass: 0
--- !u!244 &24407960
AudioMixerEffectController:
  m_ObjectHideFlags: 3
  m_PrefabParentObject: {fileID: 0}
  m_PrefabInternal: {fileID: 0}
  m_Name: 
  m_EffectID: 78c9bafe7eb24fb40a59e32a4893cf5b
  m_EffectName: Attenuation
  m_MixLevel: cb8a720292a97784e8aefbff0d42227a
  m_Parameters: []
  m_SendTarget: {fileID: 0}
  m_EnableWetMix: 0
  m_Bypass: 0
--- !u!244 &24410882
AudioMixerEffectController:
  m_ObjectHideFlags: 3
  m_PrefabParentObject: {fileID: 0}
  m_PrefabInternal: {fileID: 0}
  m_Name: 
  m_EffectID: 51332c2fe1dd059418ae5f21622e58b8
  m_EffectName: Attenuation
  m_MixLevel: 5516b74a904040643b9d98e781155c23
  m_Parameters: []
  m_SendTarget: {fileID: 0}
  m_EnableWetMix: 0
  m_Bypass: 0
--- !u!244 &24411642
AudioMixerEffectController:
  m_ObjectHideFlags: 3
  m_PrefabParentObject: {fileID: 0}
  m_PrefabInternal: {fileID: 0}
  m_Name: 
  m_EffectID: 1f462a6369f3d7b4e97d9a9f61b60325
  m_EffectName: Attenuation
  m_MixLevel: c8e693f9692d85645adc7b3e3a710fad
  m_Parameters: []
  m_SendTarget: {fileID: 0}
  m_EnableWetMix: 0
  m_Bypass: 0
--- !u!244 &24415802
AudioMixerEffectController:
  m_ObjectHideFlags: 3
  m_PrefabParentObject: {fileID: 0}
  m_PrefabInternal: {fileID: 0}
  m_Name: 
  m_EffectID: 1333afe1666f31f4dac6b6cfed9e0cee
  m_EffectName: Attenuation
  m_MixLevel: 1fa7813c2b241cd43a3b33c7bac3cfb0
  m_Parameters: []
  m_SendTarget: {fileID: 0}
  m_EnableWetMix: 0
  m_Bypass: 0
--- !u!244 &24422196
AudioMixerEffectController:
  m_ObjectHideFlags: 3
  m_PrefabParentObject: {fileID: 0}
  m_PrefabInternal: {fileID: 0}
  m_Name: 
  m_EffectID: ac61472e555c9d6469019de6dd27bf6e
  m_EffectName: Attenuation
  m_MixLevel: 0a4070b324b03244f88ad1dcae979120
  m_Parameters: []
  m_SendTarget: {fileID: 0}
  m_EnableWetMix: 0
  m_Bypass: 0
--- !u!244 &24423086
AudioMixerEffectController:
  m_ObjectHideFlags: 3
  m_PrefabParentObject: {fileID: 0}
  m_PrefabInternal: {fileID: 0}
  m_Name: 
  m_EffectID: 3867d4f166da6e64088143fe01d8ada4
  m_EffectName: Attenuation
  m_MixLevel: c6fda68e385855d44bc2feb28ef6807b
  m_Parameters: []
  m_SendTarget: {fileID: 0}
  m_EnableWetMix: 0
  m_Bypass: 0
--- !u!244 &24426588
AudioMixerEffectController:
  m_ObjectHideFlags: 3
  m_PrefabParentObject: {fileID: 0}
  m_PrefabInternal: {fileID: 0}
  m_Name: 
  m_EffectID: a89ed7962ada04b4889160683f5ef590
  m_EffectName: Attenuation
  m_MixLevel: 8603b70d6b25ea841b74ed488762770f
  m_Parameters: []
  m_SendTarget: {fileID: 0}
  m_EnableWetMix: 0
  m_Bypass: 0
--- !u!244 &24439408
AudioMixerEffectController:
  m_ObjectHideFlags: 3
  m_PrefabParentObject: {fileID: 0}
  m_PrefabInternal: {fileID: 0}
  m_Name: 
  m_EffectID: 1aefea9994b7fbc498ed523d561f0c65
  m_EffectName: Attenuation
  m_MixLevel: 70798555dd6b79942a34f306e98340b0
  m_Parameters: []
  m_SendTarget: {fileID: 0}
  m_EnableWetMix: 0
  m_Bypass: 0
--- !u!244 &24441468
AudioMixerEffectController:
  m_ObjectHideFlags: 3
  m_PrefabParentObject: {fileID: 0}
  m_PrefabInternal: {fileID: 0}
  m_Name: 
  m_EffectID: 611bb21d609c78e49a8190cfe05ab649
  m_EffectName: Attenuation
  m_MixLevel: a8ea5bd9a2176264ea4ed7bbb0e4ea61
  m_Parameters: []
  m_SendTarget: {fileID: 0}
  m_EnableWetMix: 0
  m_Bypass: 0
--- !u!244 &24442984
AudioMixerEffectController:
  m_ObjectHideFlags: 3
  m_PrefabParentObject: {fileID: 0}
  m_PrefabInternal: {fileID: 0}
  m_Name: 
  m_EffectID: 6974eb3c44dbfd044a2abba01deabb21
  m_EffectName: Attenuation
  m_MixLevel: fcbf44552de4cfa47a5629077fcee781
  m_Parameters: []
  m_SendTarget: {fileID: 0}
  m_EnableWetMix: 0
  m_Bypass: 0
--- !u!244 &24444084
AudioMixerEffectController:
  m_ObjectHideFlags: 3
  m_PrefabParentObject: {fileID: 0}
  m_PrefabInternal: {fileID: 0}
  m_Name: 
  m_EffectID: 7b82748379018c8499a551aafc3389ae
  m_EffectName: Attenuation
  m_MixLevel: a1f95326b44f9ae4096b498128fc479d
  m_Parameters: []
  m_SendTarget: {fileID: 0}
  m_EnableWetMix: 0
  m_Bypass: 0
--- !u!244 &24469554
AudioMixerEffectController:
  m_ObjectHideFlags: 3
  m_PrefabParentObject: {fileID: 0}
  m_PrefabInternal: {fileID: 0}
  m_Name: 
  m_EffectID: 51a4c9d8032a8f24db47d8f563b62d84
  m_EffectName: SFX Reverb
  m_MixLevel: 5ef72a5113348de46859b0ec20db6b49
  m_Parameters:
  - m_ParameterName: Dry Level
    m_GUID: 50952cc799231684994e1fa619f0cd82
  - m_ParameterName: Room
    m_GUID: f15de6c7396e71e40b0b3fcd340da5d7
  - m_ParameterName: Room HF
    m_GUID: c6c0b9af9ea09514aa36c9b38be4b8ff
  - m_ParameterName: Decay Time
    m_GUID: 4ed3e7c3713a9804e957ac1972526149
  - m_ParameterName: Decay HF Ratio
    m_GUID: fa5a937a5b5717d498cb044dfca15b42
  - m_ParameterName: Reflections
    m_GUID: 3ca2ba9fae025e74285cd6f135340dc0
  - m_ParameterName: Reflect Delay
    m_GUID: 785fe89532a374e4db88574748de6200
  - m_ParameterName: Reverb
    m_GUID: 7313a899e78998a4aa1958045e62341e
  - m_ParameterName: Reverb Delay
    m_GUID: c66494d422e19744d8fa562b1b902280
  - m_ParameterName: Diffusion
    m_GUID: 65cfc35629e821a428d4d73d8a9bc38e
  - m_ParameterName: Density
    m_GUID: 6e6b6b5101ced8b41bfef18eca5f1357
  - m_ParameterName: HF Reference
    m_GUID: d23d1e6d530d2df4188a241b6a825400
  - m_ParameterName: Room LF
    m_GUID: efe69decd27be8742b676051d9d9dbd3
  - m_ParameterName: LF Reference
    m_GUID: 832051bd7ac5bbd42b648e5fc58b109a
  m_SendTarget: {fileID: 0}
  m_EnableWetMix: 0
  m_Bypass: 0
--- !u!244 &24472248
AudioMixerEffectController:
  m_ObjectHideFlags: 3
  m_PrefabParentObject: {fileID: 0}
  m_PrefabInternal: {fileID: 0}
  m_Name: 
  m_EffectID: e18a7ed837098e4409951f7807c4618d
  m_EffectName: Attenuation
  m_MixLevel: 05cbfabc9a51f8a48ad56c9f708caac0
  m_Parameters: []
  m_SendTarget: {fileID: 0}
  m_EnableWetMix: 0
  m_Bypass: 0
--- !u!244 &24479050
AudioMixerEffectController:
  m_ObjectHideFlags: 3
  m_PrefabParentObject: {fileID: 0}
  m_PrefabInternal: {fileID: 0}
  m_Name: 
  m_EffectID: 9c9cb1ea084424d428a5a3ef57286d08
  m_EffectName: Highpass
  m_MixLevel: 7511938dbd52f014c8f39970bc22a33f
  m_Parameters:
  - m_ParameterName: Cutoff freq
    m_GUID: f0cea500f8c8ff348b10f5dd01d9ccd6
  - m_ParameterName: Resonance
    m_GUID: 0c1b6a8173f71554281c48b844831166
  m_SendTarget: {fileID: 0}
  m_EnableWetMix: 0
  m_Bypass: 0
--- !u!244 &24481548
AudioMixerEffectController:
  m_ObjectHideFlags: 3
  m_PrefabParentObject: {fileID: 0}
  m_PrefabInternal: {fileID: 0}
  m_Name: 
  m_EffectID: 0ae415b0387e63d4bb5ec8aa3bc7a556
  m_EffectName: ParamEQ
  m_MixLevel: 30f868d7c7a8d5c44b8a9ccb672eacc0
  m_Parameters:
  - m_ParameterName: Center freq
    m_GUID: dd36617fce95b0d43924b0fcfa8e05c9
  - m_ParameterName: Octave range
    m_GUID: 57c04bd7250aec641b9332a36e4c6052
  - m_ParameterName: Frequency gain
    m_GUID: a2f9de660cce08b4f8875b0a49834a4d
  m_SendTarget: {fileID: 0}
  m_EnableWetMix: 0
  m_Bypass: 0
--- !u!244 &24490924
AudioMixerEffectController:
  m_ObjectHideFlags: 3
  m_PrefabParentObject: {fileID: 0}
  m_PrefabInternal: {fileID: 0}
  m_Name: 
  m_EffectID: 5ba70a48be84a87438d3a1c128592a7e
  m_EffectName: Attenuation
  m_MixLevel: a35e45fa28fc9364097fdac6387c73c9
  m_Parameters: []
  m_SendTarget: {fileID: 0}
  m_EnableWetMix: 0
  m_Bypass: 0
--- !u!245 &24500003
AudioMixerSnapshotController:
  m_ObjectHideFlags: 0
  m_PrefabParentObject: {fileID: 0}
  m_PrefabInternal: {fileID: 0}
  m_Name: Snapshot
  m_AudioMixer: {fileID: 24100000}
  m_SnapshotID: 98026fefb098cb9459404a87379bf33d
  m_FloatValues:
    83fd700033762b347bed1cd28635453c: 1
    f0cea500f8c8ff348b10f5dd01d9ccd6: 248
    d89a1840c4f1a3a49862446c5a84dab9: 0
    c740605011a797b4db25e406fb5daf04: 0.287
    abdd7e21dcda84c40957dea8c15ff360: -7285
    67c199410e53b134e96045333c544e83: -8.362404
    43f233c1ae3869d489aa3087ae92c8e6: 4.42
    ab1d51e1420db6c4bb1300ad623fb127: 1
    436ad922db0e2f744af9c29c45bc0513: 52
    23d5de82a02c11c4b946f7651c60938d: 82
    e565c0c28eb5e1d489bb6e3b1546cd3b: -12.6
    8b0f0413cbdce754a8f8ceddafc4f2f3: -4.2869415
    74f2f5439ab8f8c4cac80f0ef3522a3b: -0.19117308
    6d2123933315fa14b91b40e5e5c590e0: 0.382
    4ed3e7c3713a9804e957ac1972526149: 3.7
    18c676d3c2fe911409a486111f38139f: -4880
    7a781c04cd307cf4dbfbbd2a5a14c19a: -983
    9c527054425a0274399ab7b80efb5fc4: -1.5191216
    539a75a47312b97448d53fd2a5977666: 10
    f2a18fe55c5ef864e999fd137d079a89: -6868
    a1eed0461fd9abe478ef616236755abb: -1345
    19d397462e7b4f343810254d0ce2f02b: 281
    22d49d669635ae648b038f6036e90f08: 0.184
    a2f9de660cce08b4f8875b0a49834a4d: 0.9799991
    f15de6c7396e71e40b0b3fcd340da5d7: -807
    57c04bd7250aec641b9332a36e4c6052: 1
    b897bfb8d8c5f16489f5f64d7e7c05b3: 14.7
    638aea5989459274ea868beaaeeb09bd: 1.9
    79558e7911d1b2f4c894dcd8ae8e1de4: -860
    1c648a893f83ced4fb4c59d7939923cc: 4.1
    0bb276f9f09fc78488461dea913feec1: -0.8840523
    2e7d778a1b8d08340a713ec49e574449: 5.1526933
    caa5389aedef5074398b194d850cc107: -6.386693
    7ba97b4b1af07784ba74ec1c98a2669d: -2.018035
    e09fd2fb2fdfd3b408da3c1690d9fca4: -10.345207
    ae84ddfb2a4f8764a93491676ca24062: 0.0308
    ba3d4e9c1c8456c4294b44ac8b6ffb6f: -0.7045173
    f9f968ec00e8a5741a2b9610f00b2922: -14.417876
    cd646b2da30f5c74cbc7ba2ab04cb9fa: -31.94846
    f24fbb5db3801c146bc95328dc995de1: 1
    6603a36dc6478074ab4b99ea224f5641: 82
    66ea95ad14b5a424395bfda2a7df0df2: 0.0688
    0173ba2e2b24c8e429edc867fdc6328d: -39.3
    ca8e0c2e5e6edee42a4f75ce15c18a2c: -966
    4235b48e68063a745ae044b2a865121c: 6.8
    8e3ef89e2d6dc1c4f9b945ba58b02818: 7.32
    4b68fddecefb8b2449edcccb3b153f9e: -0.8840523
    d4093d5febd43584ab7b1c5da7db921d: -6433
    3b54e07f9685ad14f898b3c8d47fbf26: 709
    dd36617fce95b0d43924b0fcfa8e05c9: 100
    3ca2ba9fae025e74285cd6f135340dc0: -6868
    7470bdaf177e54847b01754471dee459: 0
  m_TransitionOverrides: {}
